<record xmlns="http://www.loc.gov/MARC21/slim" xmlns:xsi="http://www.w3.org/2001/XMLSchema-instance" xsi:schemaLocation="http://www.loc.gov/MARC21/slim http://www.loc.gov/standards/marcxml/schema/MARC21slim.xsd"><leader>     nam a22        4500</leader><controlfield tag="001">001180841</controlfield><controlfield tag="003">NNU</controlfield><controlfield tag="006">m        d        </controlfield><controlfield tag="007">cr cn |||m|||a</controlfield><controlfield tag="008">150313s1927    ua      o     000 0 ara d</controlfield><datafield ind1=" " ind2=" " tag="040"><subfield code="a">NNU</subfield><subfield code="b">eng</subfield><subfield code="c">NNU</subfield></datafield><datafield ind1=" " ind2=" " tag="066"><subfield code="c">(3</subfield></datafield><datafield ind1=" " ind2=" " tag="090"><subfield code="a">BL2747.5</subfield><subfield code="b">.M8 1927</subfield></datafield><datafield ind1="1" ind2=" " tag="100"><subfield code="6">880-01</subfield><subfield code="a">M&#363;s&#225;, Sal&#257;mah,</subfield><subfield code="d">1887-1958</subfield></datafield><datafield ind1="1" ind2="0" tag="245"><subfield code="6">880-02</subfield><subfield code="a">&#7716;urr&#299;yat al-fikr wa-ab&#7789;&#257;luh&#257; f&#299; al-t&#257;r&#299;kh</subfield><subfield code="h">[electronic resource] /</subfield><subfield code="c">Sal&#257;mah M&#363;s&#225;.</subfield></datafield><datafield ind1=" " ind2=" " tag="260"><subfield code="6">880-03</subfield><subfield code="a">Mi&#7779;r :</subfield><subfield code="b">al-Hil&#257;l,</subfield><subfield code="c">1927.</subfield></datafield><datafield ind1=" " ind2=" " tag="300"><subfield code="a">online resource (200 p.)</subfield></datafield><datafield ind1=" " ind2=" " tag="500"><subfield code="a">Part of the Arabic Collections Online (ACO) project, contributed by New York Univeristy Libraries.</subfield></datafield><datafield ind1=" " ind2=" " tag="533"><subfield code="a">Electronic reproduction.</subfield><subfield code="b">New York, N.Y. :</subfield><subfield code="c">New York University,</subfield><subfield code="d">2015.</subfield><subfield code="5">NNU</subfield></datafield><datafield ind1=" " ind2="0" tag="650"><subfield code="a">Free thought.</subfield></datafield><datafield ind1="2" ind2=" " tag="710"><subfield code="a">New York University.</subfield><subfield code="b">Libraries.</subfield></datafield><datafield ind1="0" ind2=" " tag="730"><subfield code="a">Arabic Collections Online.</subfield></datafield><datafield ind1="0" ind2="8" tag="776"><subfield code="i">Print version:</subfield><subfield code="a">M&#363;s&#225;, Sal&#257;mah, 1887-1958 880-01</subfield><subfield code="t">&#7716;urr&#299;yat al-fikr wa-ab&#7789;&#257;luh&#257; f&#299; al-t&#257;r&#299;kh</subfield><subfield code="w">(NNU)001180841</subfield></datafield><datafield ind1="4" ind2="0" tag="856"><subfield code="u">http://hdl.handle.net/2333.1/x3ffbjp4</subfield></datafield><datafield ind1="1" ind2=" " tag="880"><subfield code="6">100-01/</subfield><subfield code="a">&#1605;&#1608;&#1587;&#1609;&#1548; &#1587;&#1604;&#1575;&#1605;&#1607;.</subfield></datafield><datafield ind1="1" ind2="0" tag="880"><subfield code="6">245-02/</subfield><subfield code="a">&#1581;&#1585;&#1610;&#1577; &#1575;&#1604;&#1601;&#1603;&#1585; &#1608;&#1571;&#1576;&#1591;&#1575;&#1604;&#1607;&#1575; &#1601;&#1610; &#1575;&#1604;&#1578;&#1575;&#1585;&#1610;&#1582; /</subfield><subfield code="c">&#1578;&#1571;&#1604;&#1610;&#1601; &#1587;&#1604;&#1575;&#1605;&#1607; &#1605;&#1608;&#1587;&#1609;.</subfield></datafield><datafield ind1=" " ind2=" " tag="880"><subfield code="6">260-03/</subfield><subfield code="a">&#1605;&#1589;&#1585; :</subfield><subfield code="b">&#1575;&#1604;&#1607;&#1604;&#1575;&#1604;&#1548;</subfield><subfield code="c">&#1633;&#1641;&#1634;&#1639;.</subfield></datafield><datafield ind1=" " ind2=" " tag="959"><subfield code="a">NNU</subfield><subfield code="b">WEB</subfield><subfield code="c">GENI</subfield><subfield code="t">0</subfield><subfield code="m">Electronic access</subfield><subfield code="s">01</subfield></datafield><datafield ind1=" " ind2=" " tag="999"><subfield code="i">NNU_001180841</subfield><subfield code="s">nyu_aco000614</subfield></datafield></record>